<?xml version="1.0" encoding="UTF-8"?><collection xmlns="http://www.loc.gov/MARC21/slim"><record><leader>00484nam--2200169-i-4500</leader><controlfield tag="001">000020801</controlfield><controlfield tag="002">20161230</controlfield><controlfield tag="005">20170116004942</controlfield><controlfield tag="008">060222s1000------------r-----000-0-eng-d</controlfield><datafield ind1=" " ind2=" " tag="080"><subfield code="a">538.945(043)</subfield></datafield><datafield ind1=" " ind2=" " tag="100"><subfield code="a">Aldica, Gheorghe Virgil</subfield></datafield><datafield ind1=" " ind2=" " tag="245"><subfield code="a">Sinteza si studiul materialelor supraconductoa re cu temperatura critica inalta. Rezumatul tezei de doctorat</subfield></datafield><datafield ind1=" " ind2=" " tag="260"><subfield code="a">Bucuresti</subfield><subfield code="b">I.F.A</subfield><subfield code="c">1997</subfield></datafield><datafield ind1=" " ind2=" " tag="300"><subfield code="a">29 p</subfield></datafield><datafield ind1=" " ind2=" " tag="490"><subfield code="a">Teza</subfield></datafield><datafield ind1=" " ind2=" " tag="852"><subfield code="a">80782</subfield></datafield><datafield ind1=" " ind2=" " tag="CAT"><subfield code="a">SYS</subfield><subfield code="c">20170116</subfield><subfield code="h">004942</subfield></datafield></record></collection>